@INPROCEEDINGS{6105371, 
author={Z. Li and R. Balasubramanian and F. Liu and S. Nassif}, 
booktitle={2011 IEEE/ACM International Conference on Computer-Aided Design (ICCAD)}, 
title={2011 TAU power grid simulation contest: Benchmark suite and results}, 
year={2011}, 
volume={}, 
number={}, 
pages={478-481}, 
doi={10.1109/ICCAD.2011.6105371}, 
ISSN={1558-2434}, 
month={Nov}}

@INPROCEEDINGS{4483978, 
author={S. R. Nassif}, 
booktitle={2008 Asia and South Pacific Design Automation Conference}, 
title={Power grid analysis benchmarks}, 
year={2008}, 
volume={}, 
number={}, 
pages={376-381}, 
doi={10.1109/ASPDAC.2008.4483978}, 
ISSN={2153-6961}, 
month={March}}